<record><leader>00000cas a2200000 i 4500</leader><controlfield tag="001">939559050</controlfield><controlfield tag="006">m     o  d        </controlfield><controlfield tag="007">cr |||||||||||</controlfield><controlfield tag="008">160217d19uu1930oruwr neo     0   a0fin  </controlfield><datafield ind1=" " ind2=" " tag="010"><subfield code="a">  2015270873</subfield></datafield><datafield ind1=" " ind2=" " tag="040"><subfield code="a">DLC</subfield><subfield code="b">eng</subfield><subfield code="e">rda</subfield><subfield code="c">DLC</subfield><subfield code="d">OCL</subfield></datafield><datafield ind1="0" ind2=" " tag="022"><subfield code="a">2470-9158</subfield><subfield code="2">1</subfield></datafield><datafield ind1=" " ind2=" " tag="042"><subfield code="a">pcc</subfield><subfield code="a">nsdp</subfield></datafield><datafield ind1=" " ind2=" " tag="043"><subfield code="a">n-us-or</subfield></datafield><datafield ind1="1" ind2="0" tag="050"><subfield code="a">ISSN RECORD</subfield></datafield><datafield ind1="1" ind2="0" tag="082"><subfield code="a">071</subfield><subfield code="2">23</subfield></datafield><datafield ind1="0" ind2=" " tag="130"><subfield code="a">Toveritar (Astoria, Or.)</subfield></datafield><datafield ind1=" " ind2="0" tag="222"><subfield code="a">Toveritar</subfield><subfield code="b">(Astoria, Or. Online)</subfield></datafield><datafield ind1="1" ind2="0" tag="245"><subfield code="a">Toveritar.</subfield></datafield><datafield ind1="3" ind2="0" tag="246"><subfield code="a">Tove ritar</subfield></datafield><datafield ind1="1" ind2=" " tag="246"><subfield code="i">Editorial box has title also in English:</subfield><subfield code="a">Woman comrade</subfield></datafield><datafield ind1=" " ind2="1" tag="264"><subfield code="a">Astoria, Ore. :</subfield><subfield code="b">The Western Workmen's Publishing Co.</subfield></datafield><datafield ind1=" " ind2=" " tag="300"><subfield code="a">1 online resource</subfield></datafield><datafield ind1=" " ind2=" " tag="310"><subfield code="a">Weekly</subfield></datafield><datafield ind1=" " ind2=" " tag="336"><subfield code="a">text</subfield><subfield code="b">txt</subfield><subfield code="2">rdacontent</subfield></datafield><datafield ind1=" " ind2=" " tag="337"><subfield code="a">computer</subfield><subfield code="b">c</subfield><subfield code="2">rdamedia</subfield></datafield><datafield ind1=" " ind2=" " tag="338"><subfield code="a">online resource</subfield><subfield code="b">cr</subfield><subfield code="2">rdacarrier</subfield></datafield><datafield ind1="1" ind2=" " tag="362"><subfield code="a">Ceased with 20 vuosik., No. 40 (Syyskuun 30 p., 1930).</subfield></datafield><datafield ind1=" " ind2=" " tag="515"><subfield code="a">Vols. for Nov. 27 1929- also bear volume numbering in English.</subfield></datafield><datafield ind1=" " ind2=" " tag="546"><subfield code="a">Title, publication information, and date in masthead in Finnish and English; text in Finnish.</subfield></datafield><datafield ind1=" " ind2=" " tag="588"><subfield code="a">Description based on: 5 vuosik., No. 45 (Marrask. 9 P.); title from masthead (Chroniclingamerica.loc.gov, viewed February 17, 2016).</subfield></datafield><datafield ind1=" " ind2=" " tag="588"><subfield code="a">Latest issue consulted: vuosik., No. 52 (26 p., December 26, 1922) (Chroniclingamerica.loc.gov, viewed February 17, 2016).</subfield></datafield><datafield ind1=" " ind2="0" tag="650"><subfield code="a">Finnish American women</subfield><subfield code="z">West (U.S.)</subfield><subfield code="v">Newspapers.</subfield></datafield><datafield ind1=" " ind2="0" tag="650"><subfield code="a">Finnish American communists</subfield><subfield code="z">West (U.S.)</subfield><subfield code="v">Newspapers.</subfield></datafield><datafield ind1=" " ind2="0" tag="650"><subfield code="a">Women communists</subfield><subfield code="z">West (U.S.)</subfield><subfield code="v">Newspapers.</subfield></datafield><datafield ind1=" " ind2="7" tag="650"><subfield code="a">Finnish American communists.</subfield><subfield code="2">fast</subfield><subfield code="0">(OCoLC)fst00924929</subfield></datafield><datafield ind1=" " ind2="7" tag="650"><subfield code="a">Finnish American women.</subfield><subfield code="2">fast</subfield><subfield code="0">(OCoLC)fst00924934</subfield></datafield><datafield ind1=" " ind2="7" tag="650"><subfield code="a">Women communists.</subfield><subfield code="2">fast</subfield><subfield code="0">(OCoLC)fst01177508</subfield></datafield><datafield ind1=" " ind2="7" tag="651"><subfield code="a">Oregon</subfield><subfield code="z">Astoria.</subfield><subfield code="2">fast</subfield><subfield code="0">(OCoLC)fst01217113</subfield></datafield><datafield ind1=" " ind2="0" tag="651"><subfield code="a">Astoria (Or.)</subfield><subfield code="v">Newspapers.</subfield></datafield><datafield ind1=" " ind2="7" tag="651"><subfield code="a">United States, West.</subfield><subfield code="2">fast</subfield><subfield code="0">(OCoLC)fst01243255</subfield></datafield><datafield ind1=" " ind2="7" tag="655"><subfield code="a">Newspapers.</subfield><subfield code="2">fast</subfield><subfield code="0">(OCoLC)fst01423814</subfield></datafield><datafield ind1=" " ind2=" " tag="752"><subfield code="a">United States</subfield><subfield code="b">Oregon</subfield><subfield code="c">Clatsop</subfield><subfield code="d">Astoria.</subfield></datafield><datafield ind1="0" ind2="8" tag="776"><subfield code="i">Originally issued in print:</subfield><subfield code="t">Toveritar (Astoria, Or.)</subfield><subfield code="x">2470-914X</subfield><subfield code="w">(DLC)  2011260133</subfield><subfield code="w">(OCoLC)43941558</subfield></datafield><datafield ind1="4" ind2="0" tag="856"><subfield code="u">http://www.loc.gov/chroniclingamerica/lccn/2011260133/issues</subfield></datafield></record>